@article{Lan1931a,
  author = {R. E. Langer},
  title = {The Zeros of Exponential Sums and Integrals},
  year = {1931},
  journal = {Bull. Amer. Math. Soc.},
  volume = {37},
  pages = {213--239},
}